%% This BibTeX bibliography file was created using BibDesk.
%% http://bibdesk.sourceforge.net/


%% Created for Zahra Khatami at 2015-12-07 16:38:37 -0600 


%% Saved with string encoding Unicode (UTF-8) 
@inproceedings{o1,
  title={OP2: An active library framework for solving unstructured mesh-based applications on multi-core and many-core architectures},
  author={Mudalige, GA and Giles, MB and Reguly, I and Bertolli, C and Kelly, PHJ},
  booktitle={Innovative Parallel Computing (InPar), 2012},
  pages={1--12},
  year={2012},
  organization={IEEE}
}

@article{o2,
  title={Performance analysis and optimization of the OP2 framework on many-core architectures},
  author={Giles, Mike B and Mudalige, Gihan R and Sharif, Zohirul and Markall, G and Kelly, Paul HJ},
  journal={The Computer Journal},
  pages={bxr062},
  year={2011},
  publisher={Br Computer Soc}
}

@inproceedings{o3,
  title={Design and performance of the OP2 library for unstructured mesh applications},
  author={Bertolli, Carlo and Betts, Adam and Mudalige, Gihan and Giles, Mike and Kelly, Paul},
  booktitle={Euro-Par 2011: Parallel Processing Workshops},
  pages={191--200},
  year={2011},
  organization={Springer}
}

@article{o4,
  title={Designing OP2 for GPU Architectures},
  author={Mudalige, GR and Giles, MB and Spencer, B and Bertolli, C and Reguly, IZ},
  journal={Journal of Parallel and Distributed Computing},
  year={2012}
}

@inproceedings{o5,
  title={Mesh independent loop fusion for unstructured mesh applications},
  author={Bertolli, Carlo and Betts, Adam and Kelly, Paul HJ and Mudalige, Gihan R and Giles, Mike B},
  booktitle={Proceedings of the 9th conference on Computing Frontiers},
  pages={43--52},
  year={2012},
  organization={ACM}
}

@article{o6,
  title={Acceleration of a Full-scale Industrial CFD Application with OP2},
  author={Reguly, Istvan and Mudalige, Gihan and Bertolli, Carlo and Giles, Mike and Betts, Adam and Kelly, Paul and Radford, David},
  year={2013},
  publisher={IEEE}
}

@article{o7,
  title={Performance analysis of the OP2 framework on many-core architectures},
  author={Giles, Mike B and Mudalige, Gihan R and Sharif, Z and Markall, G and Kelly, Paul HJ},
  journal={ACM SIGMETRICS Performance Evaluation Review},
  volume={38},
  number={4},
  pages={9--15},
  year={2011},
  publisher={ACM}


@article{o8,
  title={Using automatic differentiation for adjoint CFD code development},
  author={Giles, MB and Ghate, D and Duta, MC},
  year={2005},
  publisher={Unspecified}
}

@article{o9,
  title={An application driven analysis of the ParalleX execution model},
  author={Anderson, Matthew and Brodowicz, Maciej and Kaiser, Hartmut and Sterling, Thomas},
  journal={arXiv preprint arXiv:1109.5201},
  year={2011}
}

@article{o10,
  title={Preliminary design examination of the ParalleX system from a software and hardware perspective},
  author={Tabbal, Alexandre and Anderson, Matthew and Brodowicz, Maciej and Kaiser, Hartmut and Sterling, Thomas},
  journal={ACM SIGMETRICS Performance Evaluation Review},
  volume={38},
  number={4},
  pages={81--87},
  year={2011},
  publisher={ACM}
}

@inproceedings{o11,
  title={Parallex an advanced parallel execution model for scaling-impaired applications},
  author={Kaiser, Hartmut and Brodowicz, Maciej and Sterling, Thomas},
  booktitle={Parallel Processing Workshops, 2009. ICPPW'09. International Conference on},
  pages={394--401},
  year={2009},
  organization={IEEE}
}



@article{o12,
  title={Design and initial performance of a high-level unstructured mesh framework on heterogeneous parallel systems},
  author={Mudalige, Gihan R and Giles, Mike B and Thiyagalingam, Jeyarajan and Reguly, IZ and Bertolli, Carlo and Kelly, Paul HJ and Trefethen, Anne E},
  journal={Parallel Computing},
  volume={39},
  number={11},
  pages={669--692},
  year={2013},
  publisher={Elsevier}
}

@inproceedings{r2,
  title={{Java PastSet: A Structured Distributed Shared Memory System}},
  author={Pedersen, Kei Simon and Vinter, Brian},
  booktitle={Software, IEE Proceedings-},
  volume={150},
  number={2},
  pages={147--153},
  year={2003},
  organization={IET}
}





@inproceedings{r6,
  title={{Using HPX and LibGeoDecomp for scaling HPC applications on heterogeneous supercomputers}},
  author={Heller, Thomas and Kaiser, Hartmut and Sch{\"a}fer, Andreas and Fey, Dietmar},
  booktitle={Proceedings of the Workshop on Latest Advances in Scalable Algorithms for Large-Scale Systems},
  pages={1},
  year={2013},
  organization={ACM}
}


@article{r7,
  title={{Application of the ParalleX execution model to stencil-based problems}},
  author={Heller, T and Kaiser, H and Iglberger, Klaus},
  journal={Computer Science-Research and Development},
  volume={28},
  number={2-3},
  pages={253--261},
  year={2013},
  publisher={Springer}
}


@inproceedings{r11,
  title={{Hybrid MPI and OpenMP parallel programming}},
  author={Rabenseifner, Rolf and Hager, Georg and Jost, Gabriele and Keller, Rainer},
  booktitle={PVM/MPI},
  pages={11},
  year={2006}
}


@inproceedings{r12,
  title={{Experiences in tuning performance of hybrid MPI/OpenMP applications on quad-core systems}},
  author={Rane, Ashay and Stanzione, Dan},
  booktitle={Proc. of 10th LCI Int'l Conference on High-Performance Clustered Computing},
  year={2009}
}


@inproceedings{r14,
  title={{The Performance Implication of Task Size for Applications on the HPX Runtime System}},
  author={Grubel, Patricia and Kaiser, Hartmut and Cook, Jeanine and Serio, Adrian},
  booktitle={Cluster Computing (CLUSTER), 2015 IEEE International Conference on},
  pages={682--689},
  year={2015},
  organization={IEEE}
}

@article{r15,
  title={{Mixed mode MPI/OpenMP programming}},
  author={Smith, LA},
  journal={UK High-End Computing Technology Report},
  pages={1--25},
  year={2000}
}


@inproceedings{r16,
  title={Performance of hybrid message-passing and shared-memory parallelism for discrete element modeling},
  author={Henty, David S},
  booktitle={Proceedings of the 2000 ACM/IEEE conference on Supercomputing},
  pages={10},
  year={2000},
  organization={IEEE Computer Society}
}


@inproceedings{r17,
  title={{Hybrid MPI/OpenMP parallel programming on clusters of multi-core SMP nodes}},
  author={Rabenseifner, Rolf and Hager, Georg and Jost, Gabriele},
  booktitle={Parallel, Distributed and Network-based Processing, 2009 17th Euromicro International Conference on},
  pages={427--436},
  year={2009},
  organization={IEEE}
}

@article{r18,
  title={{Development of mixed mode MPI/OpenMP applications}},
  author={Smith, Lorna and Bull, Mark},
  journal={Scientific Programming},
  volume={9},
  number={2-3},
  pages={83--98},
  year={2001},
  publisher={Hindawi Publishing Corporation}
}

@inproceedings{r19,
  title={{HPX: A Task Based Programming Model in a Global Address Space}},
  author={Kaiser, Hartmut and Heller, Thomas and Adelstein-Lelbach, Bryce and Serio, Adrian and Fey, Dietmar},
  booktitle={Proceedings of the 8th International Conference on Partitioned Global Address Space Programming Models},
  pages={6},
  year={2014},
  organization={ACM}
}

@inproceedings{r20,
  title={{HPX: A Task Based Programming Model in a Global Address Space}},
  author={Kaiser, Hartmut and Heller, Thomas and Adelstein-Lelbach, Bryce and Serio, Adrian and Fey, Dietmar},
  booktitle={Proceedings of the 8th International Conference on Partitioned Global Address Space Programming Models},
  pages={6},
  year={2014},
  organization={ACM}
}

@inproceedings{r23,
  title={{Measuring synchronization and scheduling overheads in OpenMP}},
  author={Bull, J Mark},
  booktitle={Proceedings of First European Workshop on OpenMP},
  volume={8},
  pages={49},
  year={1999}
}




@misc{hpx_v0.9.11, 
  title={{HPX V0.9.11: A general purpose C++ runtime system for parallel and distributed applications of any scale}}, 
  url={http://dx.doi.org/10.5281/zenodo.33656}, 
  DOI={10.5281/zenodo.33656}, 
  publisher={Zenodo}, 
  author={Kaiser, Hartmut and Heller, Thomas and Berge, Agustin and Adelstein-Lelbach, Bryce}, 
  note={http://github.com/STEllAR-GROUP/hpx},
  year={2015},
} 


@inproceedings{p1,
  title={Higher-level parallelization for local and distributed asynchronous task-based programming},
  author={Kaiser, Hartmut and Heller, Thomas and Bourgeois, Daniel and Fey, Dietmar},
  booktitle={Proceedings of the First International Workshop on Extreme Scale Programming Models and Middleware},
  pages={29--37},
  year={2015},
  organization={ACM}
}